<?xml version="1.0" encoding="UTF-8"?><collection xmlns="http://www.loc.gov/MARC21/slim"><record><leader>00538nam--2200181-u-4500</leader><controlfield tag="001">000053410</controlfield><controlfield tag="002">20161230</controlfield><controlfield tag="005">20161230201051</controlfield><controlfield tag="008">110329s1000------------r-----000-0-ger-d</controlfield><datafield ind1=" " ind2=" " tag="040"><subfield code="a">IFIN-HH</subfield></datafield><datafield ind1=" " ind2=" " tag="041"><subfield code="a">ger</subfield></datafield><datafield ind1=" " ind2=" " tag="080"><subfield code="a">530.14</subfield></datafield><datafield ind1="1" ind2=" " tag="100"><subfield code="a">Messer, Joachim August</subfield></datafield><datafield ind1="1" ind2="0" tag="245"><subfield code="a">Das realismus-problem der quantenmechanik angesichts des dekoharenz-interpretation</subfield><subfield code="b">Inaugural dissertation</subfield><subfield code="c">Joachim august messer</subfield></datafield><datafield ind1=" " ind2=" " tag="260"><subfield code="a">Giesen</subfield><subfield code="b">Universtat Giesen</subfield><subfield code="c">2007</subfield></datafield><datafield ind1=" " ind2=" " tag="300"><subfield code="a">148P</subfield></datafield><datafield ind1=" " ind2=" " tag="852"><subfield code="a">82247</subfield><subfield code="c">530.14</subfield></datafield><datafield ind1=" " ind2=" " tag="CAT"><subfield code="a">Sys</subfield><subfield code="c">20110329</subfield><subfield code="h">150359</subfield></datafield></record></collection>